@article{rayleigh1914theory,
  title={On the theory of long waves and bores},
  author={Rayleigh, Lord},
  journal={Proceedings of the Royal Society of London. Series A, Containing Papers of a Mathematical and Physical Character},
  volume={90},
  number={619},
  pages={324--328},
  year={1914},
  publisher={JSTOR}
}

@article{kurihara1946hydraulic,
  title={On hydraulic jumps},
  author={Kurihara, M},
  journal={Proceedings of the Report of the Research Institute for Fluid Engineering, Kyusyu Imperial University},
  volume={3},
  number={2},
  pages={11--33},
  year={1946}
}

@article{tani1949water,
  title={Water jump in the boundary layer},
  author={Tani, Itiro},
  journal={Journal of the Physical Society of Japan},
  volume={4},
  number={4-6},
  pages={212--215},
  year={1949},
  publisher={The Physical Society of Japan}
}

@article{watson1964radial,
  title={The radial spread of a liquid jet over a horizontal plane},
  author={Watson, EJ},
  journal={Journal of Fluid Mechanics},
  volume={20},
  number={3},
  pages={481--499},
  year={1964},
  publisher={Cambridge University Press}
}

@article{ishigai1977heat,
  title={Heat transfer of the impinging round water jet in the interference zone of film flow along the wall},
  author={Ishigai, Seikan and Nakanishi, Shigeyasu and Mizuno, Minoru and Imamura, Toyoo},
  journal={Bulletin of JSME},
  volume={20},
  number={139},
  pages={85--92},
  year={1977},
  publisher={The Japan Society of Mechanical Engineers}
}

@article{craik1981circular,
  title={The circular hydraulic jump},
  author={Craik, ADD and Latham, RC and Fawkes, MJ and Gribbon, PWF},
  journal={Journal of Fluid Mechanics},
  volume={112},
  pages={347--362},
  year={1981},
  publisher={Cambridge University Press}
}

@article{bohr1993shallow,
  title={Shallow-water approach to the circular hydraulic jump},
  author={Bohr, Tomas and Dimon, Peter and Putkaradze, Vakhtang},
  journal={Journal of Fluid Mechanics},
  volume={254},
  pages={635--648},
  year={1993},
  publisher={Cambridge University Press}
}

@article{bohr1996hydraulic,
  title={Hydraulic jumps, flow separation and wave breaking: an experimental study},
  author={Bohr, Tomas and Ellegaard, Clive and Hansen, Adam Espe and Haaning, Anders},
  journal={Physica B: Condensed Matter},
  volume={228},
  number={1-2},
  pages={1--10},
  year={1996},
  publisher={Elsevier}
}


@article{bush2006experimental,
  title={An experimental investigation of the stability of the circular hydraulic jump},
  author={Bush, John WM and Aristoff, Jeffrey M and Hosoi, AE},
  journal={Journal of Fluid Mechanics},
  volume={558},
  pages={33--52},
  year={2006},
  publisher={Cambridge University Press}
}
