@article{kuzmin2020algebraic,
  title={Algebraic entropy fixes and convex limiting for continuous finite element discretizations of scalar hyperbolic conservation laws},
  author={Kuzmin, Dmitri and de Luna, Manuel Quezada},
  journal={Computer Methods in Applied Mechanics and Engineering},
  volume={372},
  pages={113370},
  year={2020},
  publisher={Elsevier}
}

@article{ismail2009affordable,
  title={Affordable, entropy-consistent {E}uler flux functions {II}: Entropy production at shocks},
  author={Ismail, Farzad and Roe, Philip L},
  journal={Journal of Computational Physics},
  volume={228},
  number={15},
  pages={5410--5436},
  year={2009},
  publisher={Elsevier}
}
				
@article{ray2013entropy,
  title={Entropy stable schemes for compressible {E}uler equations},
  author={Ray, Deep and Chandrashekar, Praveen},
  journal={Int. J. Numer. Anal. Model. Ser. B},
  volume={4},
  number={4},
  pages={335--352},
  year={2013}
}
			  
@article{deng2019new,
  title={A new formulation for two-wave {R}iemann solver accurate at contact interfaces},
  author={Deng, Xi and Boivin, Pierre and Xiao, Feng},
  journal={Physics of Fluids},
  volume={31},
  number={4},
  pages={046102},
  year={2019},
  publisher={AIP Publishing LLC}
}
				
@article{ohwada2018simple,
  title={A simple, robust and efficient high-order accurate shock-capturing scheme for compressible flows: Towards minimalism},
  author={Ohwada, Taku and Shibata, Yuki and Kato, Takuma and Nakamura, Taichi},
  journal={Journal of Computational Physics},
  volume={362},
  pages={131--162},
  year={2018},
  publisher={Elsevier}
}

@article{jaisankar2007diffusion,
  title={Diffusion regulation for {E}uler solvers},
  author={Jaisankar, S and Rao, SV Raghurama},
  journal={Journal of Computational Physics},
  volume={221},
  number={2},
  pages={577--599},
  year={2007},
  publisher={Elsevier}
}
				
@article{wang2016developing,
  title={Developing a hybrid flux function suitable for hypersonic flow simulation with high-order methods},
  author={Wang, Dongfang and Deng, Xiaogang and Wang, Guangxue and Dong, Yidao},
  journal={International Journal for Numerical Methods in Fluids},
  volume={81},
  number={5},
  pages={309--327},
  year={2016},
  publisher={Wiley Online Library}
}
				

@article{nishikawa2008very,
  title={Very simple, carbuncle-free, boundary-layer-resolving, rotated-hybrid {R}iemann solvers},
  author={Nishikawa, Hiroaki and Kitamura, Keiichi},
  journal={Journal of Computational Physics},
  volume={227},
  number={4},
  pages={2560--2581},
  year={2008},
  publisher={Elsevier}
}
				
@inproceedings{bader2014carbuncle,
  title={The carbuncle phenomenon in shallow water simulations},
  author={Bader, Georg and Kemm, Friedemann},
  booktitle={The second international conference on computational science and engineering (ICCSE-2014). Ho Chi Minh City, Vietnam},
  year={2014}
}

@article{delestre2013swashes,
  title={SWASHES: a compilation of shallow water analytic solutions for hydraulic and environmental studies},
  author={Delestre, Olivier and Lucas, Carine and Ksinant, Pierre-Antoine and Darboux, Fr{\'e}d{\'e}ric and Laguerre, Christian and Vo, T-N-Tuoi and James, Francois and Cordier, St{\'e}phane},
  journal={International Journal for Numerical Methods in Fluids},
  volume={72},
  number={3},
  pages={269--300},
  year={2013},
  publisher={Wiley Online Library}
}

@article{guermond2018second,
  title={Second-order invariant domain preserving approximation of the {E}uler equations using convex limiting},
  author={Guermond, Jean-Luc and Nazarov, Murtazo and Popov, Bojan and Tomas, Ignacio},
  journal={SIAM Journal on Scientific Computing},
  volume={40},
  number={5},
  pages={A3211--A3239},
  year={2018},
  publisher={SIAM}
}

@article{tadmor1987numerical,
  title={The numerical viscosity of entropy stable schemes for systems of conservation laws. I},
  author={Tadmor, Eitan},
  journal={Mathematics of Computation},
  volume={49},
  number={179},
  pages={91--103},
  year={1987}
}

@article{tadmor2003entropy,
  title={Entropy stability theory for difference approximations of nonlinear conservation laws and related time-dependent problems},
  author={Tadmor, Eitan},
  journal={Acta Numerica},
  volume={12},
  number={1},
  pages={451--512},
  year={2003}
}

@article{guermond2018well,
  title={Well-balanced second-order finite element approximation of the shallow water equations with friction},
  author={Guermond, Jean-Luc and de Luna, Manuel Quezada and Popov, Bojan and Kees, Christopher E and Farthing, Matthew W},
  journal={SIAM Journal on Scientific Computing},
  volume={40},
  number={6},
  pages={A3873--A3901},
  year={2018},
  publisher={SIAM}
}

@article{guermond2011entropy,
  title={Entropy viscosity method for nonlinear conservation laws},
  author={Guermond, Jean-Luc and Pasquetti, Richard and Popov, Bojan},
  journal={Journal of Computational Physics},
  volume={230},
  number={11},
  pages={4248--4267},
  year={2011},
  publisher={Elsevier}
}

@article{pyclaw-sisc,
        Author = {Ketcheson, David I. and Mandli, Kyle T. and Ahmadia, Aron J. and Alghamdi, Amal and {Quezada de Luna}, Manuel and Parsani, Matteo and Knepley, Matthew G. and Emmett, Matthew},
        Journal = {SIAM Journal on Scientific Computing},
        Month = nov,
        Number = {4},
        Pages = {C210--C231},
        Title = {{PyClaw: Accessible, Extensible, Scalable Tools for Wave Propagation Problems}},
        Volume = {34},
        Year = {2012}
}

@misc{clawpack,
    title={Clawpack software},
    author={{Clawpack Development Team}},
    url={http://www.clawpack.org},
    note={Version 5.7.1},
    doi={https://doi.org/10.5281/zenodo.4025432},
    year={2020}
}

@article{leveque1997wave,
  title={Wave propagation algorithms for multidimensional hyperbolic systems},
  author={LeVeque, Randall J},
  journal={Journal of computational physics},
  volume={131},
  number={2},
  pages={327--353},
  year={1997},
  publisher={Citeseer}
}

@article{azerad2017well,
  title={Well-balanced second-order approximation of the shallow water equation with continuous finite elements},
  author={Azerad, Pascal and Guermond, Jean-Luc and Popov, Bojan},
  journal={SIAM Journal on Numerical Analysis},
  volume={55},
  number={6},
  pages={3203--3224},
  year={2017},
  publisher={SIAM}
}

@book{ketcheson2020riemann,
  title={{R}iemann Problems and {J}upyter Solutions},
  author={Ketcheson, David I and LeVeque, Randall J and del Razo, Mauricio J},
  volume={16},
  year={2020},
  publisher={SIAM}
}

@article{roe1981approximate,
  title={Approximate {R}iemann solvers, parameter vectors, and difference schemes},
  author={Roe, Philip L},
  journal={Journal of computational physics},
  volume={43},
  number={2},
  pages={357--372},
  year={1981},
  publisher={Elsevier}
}

@article{strang1968construction,
  title={On the construction and comparison of difference schemes},
  author={Strang, Gilbert},
  journal={SIAM journal on numerical analysis},
  volume={5},
  number={3},
  pages={506--517},
  year={1968},
  publisher={SIAM}
}

@book{leveque2002finite,
  title={Finite volume methods for hyperbolic problems},
  author={LeVeque, Randall J and others},
  volume={31},
  year={2002},
  publisher={Cambridge university press}
}

@techreport{lax1959systems,
  title={Systems of conservation laws},
  author={Lax, Peter},
  year={1959},
  institution={LOS ALAMOS NATIONAL LAB NM}
}

@article{guermond2016invariant,
  title={Invariant domains and first-order continuous finite element approximation for hyperbolic systems},
  author={Guermond, Jean-Luc and Popov, Bojan},
  journal={SIAM Journal on Numerical Analysis},
  volume={54},
  number={4},
  pages={2466--2489},
  year={2016},
  publisher={SIAM}
}

@article{perthame1996positivity,
  title={On positivity preserving finite volume schemes for {E}uler equations},
  author={Perthame, Benoit and Shu, Chi-Wang},
  journal={Numerische Mathematik},
  volume={73},
  number={1},
  pages={119--130},
  year={1996},
  publisher={Springer}
}

@article{rayleigh1914theory,
  title={On the theory of long waves and bores},
  author={Rayleigh, Lord},
  journal={Proceedings of the Royal Society of London. Series A, Containing Papers of a Mathematical and Physical Character},
  volume={90},
  number={619},
  pages={324--328},
  year={1914},
  publisher={JSTOR}
}

@article{kurihara1946hydraulic,
  title={On hydraulic jumps},
  author={Kurihara, M},
  journal={Proceedings of the Report of the Research Institute for Fluid Engineering, Kyusyu Imperial University},
  volume={3},
  number={2},
  pages={11--33},
  year={1946}
}

@article{tani1949water,
  title={Water jump in the boundary layer},
  author={Tani, Itiro},
  journal={Journal of the Physical Society of Japan},
  volume={4},
  number={4-6},
  pages={212--215},
  year={1949},
  publisher={The Physical Society of Japan}
}

@article{watson1964radial,
  title={The radial spread of a liquid jet over a horizontal plane},
  author={Watson, EJ},
  journal={Journal of Fluid Mechanics},
  volume={20},
  number={3},
  pages={481--499},
  year={1964},
  publisher={Cambridge University Press}
}

@article{ishigai1977heat,
  title={Heat transfer of the impinging round water jet in the interference zone of film flow along the wall},
  author={Ishigai, Seikan and Nakanishi, Shigeyasu and Mizuno, Minoru and Imamura, Toyoo},
  journal={Bulletin of JSME},
  volume={20},
  number={139},
  pages={85--92},
  year={1977},
  publisher={The Japan Society of Mechanical Engineers}
}

@article{craik1981circular,
  title={The circular hydraulic jump},
  author={Craik, ADD and Latham, RC and Fawkes, MJ and Gribbon, PWF},
  journal={Journal of Fluid Mechanics},
  volume={112},
  pages={347--362},
  year={1981},
  publisher={Cambridge University Press}
}

@article{bohr1993shallow,
  title={Shallow-water approach to the circular hydraulic jump},
  author={Bohr, Tomas and Dimon, Peter and Putkaradze, Vakhtang},
  journal={Journal of Fluid Mechanics},
  volume={254},
  pages={635--648},
  year={1993},
  publisher={Cambridge University Press}
}

@article{bohr1996hydraulic,
  title={Hydraulic jumps, flow separation and wave breaking: an experimental study},
  author={Bohr, Tomas and Ellegaard, Clive and Hansen, Adam Espe and Haaning, Anders},
  journal={Physica B: Condensed Matter},
  volume={228},
  number={1-2},
  pages={1--10},
  year={1996},
  publisher={Elsevier}
}

@article{ellegaard1998creating,
  title={Creating corners in kitchen sinks},
  author={Ellegaard, Clive and Hansen, Adam Espe and Haaning, Anders and Hansen, Kim and Marcussen, Anders and Bohr, Tomas and Hansen, Jonas Lundbek and Watanabe, Shinya},
  journal={Nature},
  volume={392},
  number={6678},
  pages={767},
  year={1998},
  publisher={Nature Publishing Group}
}

@article{bush2003influence,
  title={The influence of surface tension on the circular hydraulic jump},
  author={Bush, John WM and Aristoff, Jeffrey M},
  journal={Journal of Fluid Mechanics},
  volume={489},
  pages={229--238},
  year={2003},
  publisher={Cambridge University Press}
}

@article{bush2006experimental,
  title={An experimental investigation of the stability of the circular hydraulic jump},
  author={Bush, John WM and Aristoff, Jeffrey M and Hosoi, AE},
  journal={Journal of Fluid Mechanics},
  volume={558},
  pages={33--52},
  year={2006},
  publisher={Cambridge University Press}
}



%%%%%%%%%%%%%%%% Carbuncles %%%%%%%%%%%%%%%%

@inproceedings{peery1988blunt,
  title={Blunt-body flow simulations},
  author={Peery, K and Imlay, S},
  booktitle={24th Joint Propulsion Conference},
  pages={2904},
  year={1988}
}

@incollection{quirk1997contribution,
  title={A contribution to the great {R}iemann solver debate},
  author={Quirk, James J},
  booktitle={Upwind and High-Resolution Schemes},
  pages={550--569},
  year={1997},
  publisher={Springer}
}

@article{pandolfi2001numerical,
  title={Numerical instabilities in upwind methods: analysis and cures for the “carbuncle” phenomenon},
  author={Pandolfi, Maurizio and D'Ambrosio, Domenic},
  journal={Journal of Computational Physics},
  volume={166},
  number={2},
  pages={271--301},
  year={2001},
  publisher={Elsevier}
}

@article{dumbser2004matrix,
  title={A matrix stability analysis of the carbuncle phenomenon},
  author={Dumbser, Michael and Moschetta, Jean-Marc and Gressier, J{\'e}r{\'e}mie},
  journal={Journal of Computational Physics},
  volume={197},
  number={2},
  pages={647--670},
  year={2004},
  publisher={Elsevier}
}

@article{chauvat2005shock,
  title={Shock wave numerical structure and the carbuncle phenomenon},
  author={Chauvat, Yann and Moschetta, J-M and Gressier, J{\'e}r{\'e}mie},
  journal={International Journal for Numerical Methods in Fluids},
  volume={47},
  number={8-9},
  pages={903--909},
  year={2005},
  publisher={Wiley Online Library}
}

@incollection{ismail2009proposed,
  title={A proposed cure to the carbuncle phenomenon},
  author={Ismail, Farzad and Roe, Philip L and Nishikawa, Hiroaki},
  booktitle={Computational Fluid Dynamics 2006},
  pages={149--154},
  year={2009},
  publisher={Springer}
}

@incollection{moschetta2001carbuncle,
  title={The carbuncle phenomenon: a genuine {E}uler instability?},
  author={Moschetta, J-M and Gressier, J and Robinet, J-C and Casalis, G},
  booktitle={Godunov Methods},
  pages={639--645},
  year={2001},
  publisher={Springer}
}
@article{elling2009carbuncle,
  title={The carbuncle phenomenon is incurable},
  author={Elling, Volker},
  journal={Acta Mathematica Scientia},
  volume={29},
  number={6},
  pages={1647--1656},
  year={2009},
  publisher={Elsevier}
}

@article{shen2014stability,
  title={A stability analysis of hybrid schemes to cure shock instability},
  author={Shen, Zhijun and Yan, Wei and Yuan, Guangwei},
  journal={Communications in Computational Physics},
  volume={15},
  number={5},
  pages={1320--1342},
  year={2014},
  publisher={Cambridge University Press}
}

@article{kemm2014note,
  title={A note on the carbuncle phenomenon in shallow water simulations},
  author={Kemm, Friedemann},
  journal={ZAMM-Journal of Applied Mathematics and Mechanics/Zeitschrift f{\"u}r Angewandte Mathematik und Mechanik},
  volume={94},
  number={6},
  pages={516--521},
  year={2014},
  publisher={Wiley Online Library}
}

@article{kemm2018heuristical,
  title={Heuristical and numerical considerations for the carbuncle phenomenon},
  author={Kemm, Friedemann},
  journal={Applied Mathematics and Computation},
  volume={320},
  pages={596--613},
  year={2018},
  publisher={Elsevier}
}

@article{simon2018strategies,
  title={Strategies to cure numerical shock instability in the {HLLEM} {R}iemann solver},
  author={Simon, Sangeeth and Mandal, JC},
  journal={International Journal for Numerical Methods in Fluids},
  year={2018},
  publisher={Wiley Online Library}
}

@article{xie2019further,
  title={Further studies on numerical instabilities of Godunov-type schemes for strong shocks},
  author={Xie, Wenjia and Zhang, Ye and Li, Hua},
  journal={arXiv preprint arXiv:1901.01866},
  year={2019}
}

@phdthesis{simonnumerical,
  title={Numerical Shock Instability In {HLL}-Based Approximate {R}iemann Solvers For The {E}uler System Of Equations: Analysis And Cures},
  author={Simon, Sangeeth},
  school={Indian Institute of Technology Bombay Mumbai 400076 (India}
}
